@article{allen2016,
  Author = {ALLEN, Lehmann-Willenbrock},
  title={Meetings as a positive boost? How and when meeting satisfaction impacts employee empowerment},
  journal={Journal of Business Research},
  year={2016},
}

@online{davidgrady,
  title={How to save the world (or at least yourself) from bad meetings},
  url={https://www.ted.com/talks/david_grady_how_to_save_the_world_or_at_least_yourself_from_bad
_meetings},
  urlaccessdate={22.04.2019},
  year={2013},
  author={{David Grady}}
}